@ARTICLE{ testref,
  author = {Max Mustermann},
  title = {Ein Test-Artikel},
  journal = {Proceedings of the IEEE},
  year = {1984},
  volume = {72},
  pages = {1746-1754},
  number = {12},
  month = {Dec.},
  issn = {0018-9219}
}
