@INPROCEEDINGS{kaj91,
author={Kajita, S. and Tani, K.},
booktitle={Robotics and Automation, 1991 IEEE International Conference}, title={Study of dynamic biped locomotion on rugged terrain-derivation and application of the linear inverted pendulum mode},
year={1991},
month={Apr},
volume={},
number={},
pages={1405 -1411 vol.2},
doi={10.1109/ROBOT.1991.131811},
ISSN={},}

@ARTICLE{choi07,
author={Youngjin Choi and Doik Kim and Yonghwan Oh and Bum-Jae You},
journal={Robotics, IEEE Transactions on}, title={Posture/Walking Control for Humanoid Robot Based on Kinematic Resolution of CoM Jacobian With Embedded Motion},
year={2007},
month={Dec.},
volume={23},
number={6},
pages={1285 -1293},
doi={10.1109/TRO.2007.904907}, 
ISSN={1552-3098},}

@INPROCEEDINGS{atk12,
author={Xinjilefu and Atkeson, C.G.},
booktitle={Intelligent Robots and Systems (IROS), 2012 IEEE/RSJ International Conference}, title={State estimation of a walking humanoid robot},
year={2012},
month={Oct.},
volume={},
number={},
pages={3693 -3699},
doi={10.1109/IROS.2012.6386070},
ISSN={2153-0858},}

@INCOLLECTION{oli12,
     author = {Hauschildt, Daniel and Kerner, S{\"{o}}ren and Tasse, Stefan and Urbann, Oliver},
     editor = {R{\"{o}}fer, Thomas and Mayer, Norbert Michael and Savage, Jesus and Saranli, Ulu{\c c}},
      title = {Multi Body Kalman Filtering with Articulation Constraints for Humanoid Robot Pose and Motion Estimation},
  booktitle = {RoboCup 2011: Robot Soccer World Cup XV},
     series = {Lecture Notes in Computer Science},
     volume = {7416},
       year = {2012},
      pages = {415-426},
  publisher = {Springer Berlin / Heidelberg},
       isbn = {978-3-642-32059-0},
        url = {http://dx.doi.org/10.1007/978-3-642-32060-6_35},
affiliation={Robotics Research Institute, Section Information Technology, TU Dortmund University, 44221 Dortmund, Germany},
}

@INPROCEEDINGS{step11,
author={Stephens, B.J.},
booktitle={Robotics and Automation (ICRA), 2011 IEEE International Conference}, title={State estimation for force-controlled humanoid balance using simple models in the presence of modeling error},
year={2011},
month={May},
volume={},
number={},
pages={3994 -3999},
doi={10.1109/ICRA.2011.5980358},
ISSN={1050-4729},}

@INPROCEEDINGS{vis12,
author={SungHwan Ahn and Sukjune Yoon and Seungyong Hyung and Nosan Kwak and Kyung Shik Roh},
booktitle={Intelligent Robots and Systems (IROS), 2012 IEEE/RSJ International Conference}, title={On-board odometry estimation for 3D vision-based SLAM of humanoid robot},
year={2012},
month={Oct.},
volume={},
number={},
pages={4006 -4012},
doi={10.1109/IROS.2012.6385743},
ISSN={2153-0858},}

@INPROCEEDINGS{bloe12, 
    AUTHOR    = {Michael Bloesch AND Marco Hutter AND Mark Hoepflinger AND Stefan Leutenegger AND Christian Gehring AND C. David Remy AND Roland Siegwart}, 
    TITLE     = {State Estimation for Legged Robots - Consistent Fusion of Leg Kinematics and {IMU}}, 
    BOOKTITLE = {Proceedings of Robotics: Science and Systems}, 
    YEAR      = {2012}, 
    ADDRESS   = {Sydney, Australia}, 
    note = {\href{http://www.roboticsproceedings.org/rss08/p03.html}{http://www.roboticsproceedings.org/rss08/p03.html}},
    MONTH     = {July} 
}

@Book{mur94,
	author={Richard M. Murray and Zexiang Li and Shankar Sastry},
	title = {A Mathematical Introduction to Robotic Manipulation},
	publisher={CRC Press},
	year= {1994},
	pages={476}
}

@INPROCEEDINGS{ott09,
author={Ott, C. and Nakamura, Y.},
booktitle={Intelligent Robots and Systems, 2009. IROS 2009. IEEE/RSJ International Conference on},
title={Base force/torque sensing for position based Cartesian impedance control},
year={2009},
pages={3244-3250},
doi={10.1109/IROS.2009.5354136},}


@book{gol96,
        title = {Matrix Computations},
        publisher={Johns Hopkins University Press, Baltimore and London},
        author={Gene H. Golub, and Charles F. Van Loan},
        year={1996},
        pages={636}
}

